<?xml version="1.0" encoding="UTF-8"?><collection xmlns="http://www.loc.gov/MARC21/slim"><record><leader>00439nam--2200157-i-4500</leader><controlfield tag="001">000013204</controlfield><controlfield tag="002">20161230</controlfield><controlfield tag="005">20170211151334</controlfield><controlfield tag="008">060222s1000------------r-----000-0-eng-d</controlfield><datafield ind1=" " ind2=" " tag="245"><subfield code="a">Rock friction and earthquake prediction</subfield></datafield><datafield ind1=" " ind2=" " tag="260"><subfield code="a">Basel</subfield><subfield code="b">Birkhauser Verlag</subfield><subfield code="c">1978</subfield></datafield><datafield ind1=" " ind2=" " tag="300"><subfield code="a">584-991 p</subfield></datafield><datafield ind1=" " ind2=" " tag="490"><subfield code="a">Contributions To Current Research In Geophysic S (Ccrg) 6</subfield></datafield><datafield ind1=" " ind2=" " tag="700"><subfield code="a">Wyss, Max</subfield></datafield><datafield ind1=" " ind2=" " tag="852"><subfield code="a">551.34</subfield></datafield><datafield ind1=" " ind2=" " tag="CAT"><subfield code="a">SYS</subfield><subfield code="c">20170211</subfield><subfield code="h">151334</subfield></datafield></record></collection>